<?xml version="1.0" encoding="UTF-8"?><collection xmlns="http://www.loc.gov/MARC21/slim"><record><leader>00550nam--2200145-i-4500</leader><controlfield tag="001">000012505</controlfield><controlfield tag="002">20161230</controlfield><controlfield tag="005">20170212005555</controlfield><controlfield tag="008">060222s1000------------r-----000-0-eng-d</controlfield><datafield ind1=" " ind2=" " tag="245"><subfield code="a">Centre d etudes nucleaires de fontenay-aux-ros es. Direction des materiaux et combustibles nu cleaires rapport semestriel du department de chemie -no.6, juin-movembre, 1968</subfield></datafield><datafield ind1=" " ind2=" " tag="260"><subfield code="a">Gif-Sur-Yvette</subfield><subfield code="b">Service Central De Documentati On Du C.E.A</subfield><subfield code="c">1969</subfield></datafield><datafield ind1=" " ind2=" " tag="300"><subfield code="a">416 p</subfield></datafield><datafield ind1=" " ind2=" " tag="490"><subfield code="a">Note C.E.A.-e-1148</subfield></datafield><datafield ind1=" " ind2=" " tag="852"><subfield code="a">541.28:061.6(047.3)</subfield></datafield><datafield ind1=" " ind2=" " tag="CAT"><subfield code="a">SYS</subfield><subfield code="c">20170212</subfield><subfield code="h">005555</subfield></datafield></record></collection>